@article{Parkinson94,
  title={Self-assembly of rodlike particles in two dimensions: A simple model for collagen fibrillogenesis},
  author={Parkinson, John and Kadler, Karl E and Brass, Andy},
  journal={Physical Review E},
  volume={50},
  number={4},
  pages={2963},
  year={1994},
  publisher={APS}
}

@article{GarcaRuiz1991,
  doi = {10.1016/0378-4371(91)90030-g},
  url = {https://doi.org/10.1016/0378-4371(91)90030-g},
  year = {1991},
  month = nov,
  publisher = {Elsevier {BV}},
  volume = {178},
  number = {3},
  pages = {415--420},
  author = {Juan M. Garc{\'{\i}}a-Ruiz and Ferm{\'{\i}}n Ot{\'{a}}lora},
  title = {Diffusion limited aggregation. The role of surface diffusion},
  journal = {Physica A: Statistical Mechanics and its Applications}
}

@article{Parkinson1994,
  doi = {10.1103/physreve.50.2963},
  url = {https://doi.org/10.1103/physreve.50.2963},
  year = {1994},
  month = oct,
  publisher = {American Physical Society ({APS})},
  volume = {50},
  number = {4},
  pages = {2963--2966},
  author = {John Parkinson and Karl E. Kadler and Andy Brass},
  title = {Self-assembly of rodlike particles in two dimensions: A simple model for collagen fibrillogenesis},
  journal = {Physical Review E}
}

@article{Witten1983,
  doi = {10.1103/physrevb.27.5686},
  url = {https://doi.org/10.1103/physrevb.27.5686},
  year = {1983},
  month = may,
  publisher = {American Physical Society ({APS})},
  volume = {27},
  number = {9},
  pages = {5686--5697},
  author = {T. A. Witten and L. M. Sander},
  title = {Diffusion-limited aggregation},
  journal = {Physical Review B}
}

@misc{Trinket,
  title = {{trinket} VPython},
  howpublished = {https://matter-interactions.trinket.io/00_welcome_to_vpython#/welcome-to-vpython/explore}},
  note = {Accessed: 2010-09-30}
}